@book{kellogg1929,
  author = {Kellogg, O. D.},
  Title = {Foundations of Potential Theory},
  Publisher = {Frederick Ungar Publishing Company},
  Year = {1929}
}

@article{levinson1946,
  title={The Wiener (root mean square) error criterion in filter design and prediction},
  author={Levinson, Norman},
  journal={Journal of Mathematics and Physics},
  volume={25},
  number={1-4},
  pages={261--278},
  year={1946},
  publisher={Wiley Online Library}
}

@article{henderson1960,
  title={A comprehensive system of automatic computation in magnetic and gravity interpretation},
  author={Henderson, Roland G},
  journal={Geophysics},
  volume={25},
  number={3},
  pages={569--585},
  year={1960},
  publisher={Society of Exploration Geophysicists}
}

@article{trench1964,
  title={An algorithm for the inversion of finite Toeplitz matrices},
  author={Trench, William F},
  journal={Journal of the Society for Industrial and Applied Mathematics},
  volume={12},
  number={3},
  pages={515--522},
  year={1964},
  publisher={SIAM}
}

@article{dampney1969,
    author = {Dampney, C. N. G.},
    title = {The equivalent source technique},
    journal = {GEOPHYSICS},
    volume = {34},
    number = {1},
    pages = {39-53},
    year = {1969},
    doi = {10.1190/1.1439996}
}

@article{henderson1970,
  title={On the validity of the use of the upward continuation integral for total magnetic intensity data},
  author={Henderson, Roland G},
  journal={Geophysics},
  volume={35},
  number={5},
  pages={916--919},
  year={1970},
  publisher={Society of Exploration Geophysicists}
}

@article{emilia1973,
    author = {Emilia, D. A.},
    title = {Equivalent sources used as an analytic base for processing total magnetic field profiles},
    journal = {GEOPHYSICS},
    volume = {38},
    number = {2},
    pages = {339-348},
    year = {1973},
    doi = {10.1190/1.1440344}
}

@article{grenander-szego1984,
  title={ Toeplitz Forms and Their Applications},
  author={Grenander, U and Szeg{\"o}, G},
  journal={California Monographs in Mathematical Sciences. University of California Press, Berkeley, CA},
  year={1958}
}

@article{hansen-miyazaki1984,
    author = {R. O. Hansen and Y. Miyazaki},
    title = {Continuation of potential fields between arbitrary surfaces},
    journal = {GEOPHYSICS},
    volume = {49},
    number = {6},
    pages = {787-795},
    year = {1984},
    doi = {10.1190/1.1441707}
}

@phdthesis{olkin1986,
  title={Linear and nonlinear deconvolution problems},
  author={Olkin, Julia Ann},
  year={1986},
  school={Rice University}
}

@article{silva1986,
    author = {Silva, J. B. C.},
    title = {Reduction to the pole as an inverse problem and its application to low-latitude anomalies},
    journal = {GEOPHYSICS},
    volume = {51},
    number = {2},
    pages = {369-382},
    year = {1986},
    doi = {10.1190/1.1442096}
}

@book{strang-aarikka1986,
  title={Introduction to applied mathematics},
  author={Strang, Gilbert and Aarikka, Kaija},
  volume={16},
  year={1986},
  publisher={Wellesley-Cambridge Press Wellesley, MA}
}

@article{leao-silva1989,
    author = {Le\~{a}o, J. W. D and Silva, J. B. C.},
    title = {Discrete linear transformations of potential field data},
    journal = {GEOPHYSICS},
    volume = {54},
    number = {4},
    pages = {497-507},
    year = {1989},
    doi = {10.1190/1.1442676}
}

@article{cordell1992,
    author = {Lindrith Cordell},
    title = {A scattered equivalent-source method for interpolation and gridding of potential-field data in three dimensions},
    journal = {GEOPHYSICS},
    volume = {57},
    number = {4},
    pages = {629-636},
    year = {1992},
    doi = {10.1190/1.1443275}
}

@article{mendonca-silva1994,
    author = {Mendon\c{c}a, C. A. and Silva, J. B. C.},
    title = {The equivalent data concept applied to the interpolation of potential field data},
    journal = {GEOPHYSICS},
    volume = {59},
    number = {5},
    pages = {722-732},
    year = {1994},
    doi = {10.1190/1.1443630}
}

@article{wray-green1994,
  title={Calculation of the Volterra kernels of non-linear dynamic systems using an artificial neural network},
  author={Wray, Jonathan and Green, Gary GR},
  journal={Biological Cybernetics},
  volume={71},
  number={3},
  pages={187--195},
  year={1994},
  publisher={Springer}
}

@article{chan-etal1999,
  title={Cosine transform based preconditioners for total variation deblurring},
  author={Chan, Raymond H and Chan, Tony F and Wong, Chiu-Kwong},
  journal={IEEE transactions on Image Processing},
  volume={8},
  number={10},
  pages={1472--1478},
  year={1999},
  publisher={IEEE}
}

@article{li-gotze2001,
    author = {Li, Xiong and G{\"o}tze, Hans-J{\"u}rgen}, 
    title = {Ellipsoid, geoid, gravity, geodesy, and geophysics},
    volume = {66}, 
    number = {6}, 
    pages = {1660-1668}, 
    year = {2001}, 
    doi = {10.1190/1.1487109}, 
    journal = {Geophysics} 
}

@article{fairhead-etal2003,
    author = {J. Derek Fairhead and Christopher M. Green and Denizar Blitzkow},
    title = {The use of GPS in gravity surveys},
    journal = {The Leading Edge},
    volume = {22},
    number = {10},
    pages = {954-959},
    year = {2003},
    doi = {10.1190/1.1623636}
}

@article{hackney-featherstone2003,
    author = {Hackney, R. I. and Featherstone, W. E.}, 
    title = {Geodetic versus geophysical perspectives of the ‘gravity anomaly’},
    volume = {154}, 
    number = {1}, 
    pages = {35-43}, 
    year = {2003}, 
    doi = {10.1046/j.1365-246X.2003.01941.x},
    journal = {Geophysical Journal International} 
}

@book{jin2003,
  title={Developments and applications of block Toeplitz iterative solvers},
  author={Jin, Xiao-Qing},
  volume={2},
  year={2003},
  publisher={Springer Science \& Business Media}
}

@article{lin-etal2003,
  title={Strang-type preconditioners for solving linear systems from delay differential equations},
  author={Lin, FR and Jin, XQ and Lei, SL},
  journal={BIT Numerical Mathematics},
  volume={43},
  number={1},
  pages={139--152},
  year={2003},
  publisher={Springer}
}

@inproceedings{boggs-dransfield2004,
  title = {Analysis of errors in gravity derived from the Falcon airborne gravity gradiometer},
  booktitle = { ASEG-PESA Airborne Gravity 2004 Workshop},
  author = {Boggs, D.B. and Dransfield, M.H.},
  publisher = {Geoscience Australia Record},
  year = {2004},
  pages = {135-141}
}

@article{hinze-etal2005,
    author = {William J. Hinze and Carlos Aiken and John Brozena and Bernard Coakley and David Dater and Guy Flanagan and     Ren{\'e} Forsberg and Thomas Hildenbrand and G. Randy Keller and James Kellogg and Robert Kucks and Xiong Li and Andre Mainville and Robert Morin and Mark Pilkington and Donald Plouff and Dhananjay Ravat and Daniel Roman and Jamie Urrutia-Fucugauchi and Marc V{\'e}ronneau and Michael Webring and Daniel Winester},
    title = {New standards for reducing gravity data: The North American gravity database},
    journal = {GEOPHYSICS},
    volume = {70},
    number = {4},
    pages = {J25-J32},
    year = {2005},
    doi = {10.1190/1.1988183}
}

@book{hofmann-wellenhof-moritz2005,
  Author = {Bernhard Hofmann-Wellenhof and Helmut Moritz},
  Title = {Physical Geodesy},
  Publisher = {Springer},
  Year = {2005},
  ISBN = {3211235841}
}

@article{vajda-etal2006,
	author={Vajda, P. and Van{\'i}{\v{c}}ek, P. and Meurers, B.},
	title={A new physical foundation for anomalous gravity},
	journal={Studia Geophysica et Geodaetica},
	year={2006},
	month={Apr},
	day={01},
	volume={50},
	number={2},
	pages={189--216},
	issn={1573-1626},
	doi={10.1007/s11200-006-0012-1},
	url={https://doi.org/10.1007/s11200-006-0012-1}
}

@book{chan-jin2007,
  title={An introduction to iterative Toeplitz solvers},
  author={Chan, Raymond Hon-Fu and Jin, Xiao-Qing},
  volume={5},
  year={2007},
  publisher={SIAM}
}

@article{vajda-etal2007,
	author = {Vajda, P. and Van{\'i}{\v{c}}ek, P. and Nov{\'a}k, P. and Tenzer, R. and Ellmann, A.},
	title = {Secondary indirect effects in gravity anomaly data inversion or interpretation},
	journal = {Journal of Geophysical Research: Solid Earth},
	volume = {112},
	number = {B6},
	year = {2007},
	keywords = {Gravimetry, inverse problem, modeling, topographic correction, Bouguer},
	doi = {10.1029/2006JB004470},
	url = {https://agupubs.onlinelibrary.wiley.com/doi/abs/10.1029/2006JB004470},
	eprint = {https://agupubs.onlinelibrary.wiley.com/doi/pdf/10.1029/2006JB004470}
}


@article{vajda-etal2008,
	author="Vajda, P. and Ellmann, A. and Meurers, B. and Van{\'i}{\v{c}}ek, P. and Nov{\'a}k, P. and Tenzer, R.",
	title="Global ellipsoid-referenced topographic, bathymetric and stripping corrections to gravity disturbance",
	journal="Studia Geophysica et Geodaetica",
	year="2008",
	month="Oct",
	day="31",
	volume="52",
	number="1",
	pages="19",
	issn="1573-1626",
	doi="10.1007/s11200-008-0003-5",
	url="https://doi.org/10.1007/s11200-008-0003-5"
}

@article{guspi-novara2009,
    author={Fernando Gusp\'{i} and Iv{\'a}n Novara},
    title = {Reduction to the pole and transformations of scattered magnetic data using Newtonian equivalent sources},
    journal = {GEOPHYSICS},
    volume = {74},
    number = {5},
    pages = {L67-L73},
    year = {2009},
    doi = {10.1190/1.3170690}
}

@article{li-oldenburg2010,
    author={Yaoguo Li and Douglas W. Oldenburg},
    title = {Rapid construction of equivalent sources using wavelets},
    journal = {GEOPHYSICS},
    volume = {75},
    number = {3},
    pages = {L51-L59},
    year = {2010},
    doi = {10.1190/1.3378764}
}

@book{golub-vanloan2013,
  Author = {Gene H Golub and Charles F Van Loan},
  Title = {Matrix Computations (Johns Hopkins Studies in the Mathematical Sciences)},
  Publisher = {Johns Hopkins University Press},
  Year = {2013},
  edition = 4,
  ISBN = {978-1-4214-0794-4}
}

@article{oliveirajr-etal2013,
    author = {Oliveira{ }Jr., V. C. and Barbosa, V. C. F. and Uieda, L.},
    title = {Polynomial equivalent layer},
    journal = {GEOPHYSICS},
    volume = {78},
    number = {1},
    pages = {G1-G13},
    year = {2013},
    doi = {10.1190/geo2012-0196.1}
}

@article{zhang-wong2015,
  title={BTTB-based numerical schemes for three-dimensional gravity field inversion},
  author={Zhang, Yile and Wong, Yau Shu},
  journal={Geophysical Journal International},
  volume={203},
  number={1},
  pages={243--256},
  year={2015},
  publisher={Oxford University Press}
}

@article{zhang-etal2016,
  title={BTTB--RRCG method for downward continuation of potential field data},
  author={Zhang, Yile and Wong, Yau Shu and Lin, Yuanfang},
  journal={Journal of applied Geophysics},
  volume={126},
  pages={74--86},
  year={2016},
  publisher={Elsevier}
}

@article{siqueira-etal2017,
  title={Fast iterative equivalent-layer technique for gravity data processing: A method grounded on excess mass constraint},
  author={Siqueira, Fillipe CL and Oliveira{ }Jr, Vanderlei C and Barbosa, Val{\'e}ria CF},
  journal={Geophysics},
  volume={82},
  number={4},
  pages={G57--G69},
  year={2017},
  publisher={Society of Exploration Geophysicists}
}