@article{poisson1824,
	title={Second m\'{e}moire sur ta th\'{e}orie du magn\'{e}tism},
	author={Poisson, S D},
	journal={M\'{e}moires de l'Acad\'{e}mie des sciences de l'Institut de France},
	pages={488--533},
	year={1824}
}

@article{dirichlet1839,
	title={Sur un nouvelle methode pour la determination des integrales multiples},
	author={Dirichlet, L P G},
	journal={Journal de math\'{e}matiques pures et appliqu\'{e}es},
	volume={1},
	number={4},
	pages={164--168},
	year={1839},
	url={http://sites.mathdoc.fr/JMPA/PDF/JMPA_1839_1_4_A11_0.pdf}
}

@book{maxwell1873,
	title={A treatise on electricity and magnetism},
	author={Maxwell, James Clerk},
	volume={2},
	year={1873},
	publisher={Clarendon press}
}

@article{thomson1879,
  title={Treatise on Natural Philosophy},
  author={Thomson, W and Tait, PG},
  journal={Part II,” Cambridge University Press, Cambridge},
  year={1879}
}

@book{dubois1896,
  title={The Magnetic Circuit in Theory and Practice},
  author={DuBois, H.},
  year={1896},
  publisher={Longmans, Green, and Co.}
  
}

@book{peirce1902,
  title={Elements of the Theory of the Newtonian Potential Function},
  author={Peirce, B.O.},
  lccn={22020954},
  series={Cornell University Library historical math monographs},
  year={1902},
  publisher={Ginn}
}

@book{webster1904,
  title={The Dynamics of Particles and of Rigid, Elastic, and Fluid Bodies: Being Lectures on Mathematical Physics},
  author={Webster, A.G.},
  lccn={05006004},
  series={B. G. Teubners Sammlung von Lehrb{\"u}chern auf dem Gebiete der mathematischen Wissenschaften},
  year={1904},
  publisher={B.G. Teubner}
}

@article{hanna1924,
	title={Some historical notes on early magnetic surveying in the US Geological Survey},
	author={Hanna, WF},
	journal={Geologic applications of modern aeromagnetic surveys: US Geological Survey Bulletin},
	pages={63--73},
	year={1924}
}

@book{kellogg1929,
  author = {Kellogg, O. D.},
  Title = {Foundations of Potential Theory},
  Publisher = {Frederick Ungar Publishing Company},
  Year = {1929}
}

@article{stoner1945,
  title={The demagnetizing factors for ellipsoids},
  author={Stoner, Edmund C},
  journal={The London, Edinburgh, and Dublin Philosophical Magazine and Journal of Science},
  volume={36},
  number={263},
  pages={803--821},
  year={1945},
  publisher={Taylor \& Francis}
}

@article{osborn1945,
  title={Demagnetizing factors of the general ellipsoid},
  author={Osborn, JA},
  journal={Physical review},
  volume={67},
  number={11-12},
  pages={351},
  year={1945},
  publisher={APS}
}

@article{peake1953,
  author={H J Peake and N Davy},
  title={The magnetic fields produced by uniformly magnetized ellipsoids of revolution},
  journal={British Journal of Applied Physics},
  volume={4},
  number={7},
  pages={207},
  year={1953}
}

@article{chang1961,
  author={H Chang},
  title={Fields external to open-structure magnetic devices represented by ellipsoid or spheroid},
  journal={British Journal of Applied Physics},
  volume={12},
  number={4},
  pages={160},
  year={1961}
}

@article{jahren1963,
    author = {Charles E. Jahren},
    title = {Magnetic susceptibility of bedded iron-formation},
    journal = {GEOPHYSICS},
    volume = {28},
    number = {5},
    pages = {756-766},
    year = {1963},
    doi = {10.1190/1.1439268}
}

@article{reford1964,
	title={Aeromagnetics},
	author={Reford, MS and Sumner, JS},
	journal={Geophysics},
	volume={29},
	number={4},
	pages={482--516},
	year={1964},
	publisher={Society of Exploration Geophysicists}
}

@book{grant1965,
	title={Interpretation theory in applied geophysics},
	author={Grant, Fraser S and West, Gordon Fox},
	year={1965},
	publisher={McGraw-Hill Book}
}

@article{bulirsch1965a,
  title={Numerical calculation of elliptic integrals and elliptic functions},
  author={Bulirsch, Roland},
  journal={Numerische Mathematik},
  volume={7},
  number={1},
  pages={78--90},
  year={1965},
  publisher={Springer}
}

@article{bulirsch1965b,
  title={Numerical calculation of elliptic integrals and elliptic functions. II},
  author={Bulirsch, Roland},
  journal={Numerische Mathematik},
  volume={7},
  number={4},
  pages={353--354},
  year={1965},
  publisher={Springer}
}

@article{schlomann1965,
    author = {R. I. Joseph and E. Schlömann},
    title = {Demagnetizing Field in Nonellipsoidal Bodies},
    journal = {Journal of Applied Physics},
    volume = {36},
    number = {5},
    pages = {1579-1593},
    year = {1965},
    doi = {10.1063/1.1703091}

}

@Article{sharma1966,
    author="Sharma, P. V.",
    title="Rapid computation of magnetic anomalies and demagnetization effects caused by bodies of arbitrary shape",
    journal="pure and applied geophysics",
    year="1966",
    volume="64",
    number="1",
    pages="89--109",
    issn="1420-9136",
    doi="10.1007/BF00875535",
}

@article{bulirsch1969,
  title={Numerical calculation of elliptic integrals and elliptic functions. III},
  author={Bulirsch, Roland},
  journal={Numerische Mathematik},
  volume={13},
  number={4},
  pages={305--315},
  year={1969},
  publisher={Springer}
}

@article{lowes1974,
 ISSN = {00804630},
 URL = {http://www.jstor.org/stable/78532},
 author = {F. J. Lowes},
 journal = {Proceedings of the Royal Society of London. Series A, Mathematical and Physical Sciences},
 number = {1611},
 pages = {555-567},
 publisher = {The Royal Society},
 title = {The Torque on a Magnet},
 volume = {337},
 year = {1974}
}

@article{farrar1979,
	title={Some comments on detailed magnetic investigations of ellipsoidal bodies at Tennant Creek},
	author={Farrar, LJD},
	journal={Exploration Geophysics},
	volume={10},
	number={1},
	pages={26--33},
	year={1979},
	publisher={Australian Society of Exploration Geophysicists (ASEG) PO Box 8463, Perth Business Centre WA 6849 Australia}
}

@article{eskola1980,
    title = "Solving the magnetostatic field problem (a case of high susceptibility) by means of the method of subsections ",
    author = "L Eskola and T Tervo",
    journal = "Geoexploration ",
    volume = "18",
    number = "2",
    pages = "79 - 95",
    year = "1980",
    issn = "0016-7142",
    doi = "10.1016/0016-7142(80)90022-8"
}



@ARTICLE{soliverez1981, 
    author={Soliv\'{e}rez, C. E.}, 
    journal={IEEE Transactions on Magnetics}, 
    title={Magnetostatics of anisotropic ellipsoidal bodies}, 
    year={1981}, 
    volume={17}, 
    number={3}, 
    pages={1363-1364}, 
    doi={10.1109/TMAG.1981.1061200}, 
    ISSN={0018-9464}, 
    month={May}
}

@article{hrouda1982,
  title={Magnetic anisotropy of rocks and its application in geology and geophysics},
  author={Hrouda, Franti{\v{s}}ek},
  journal={Geophysical surveys},
  volume={5},
  number={1},
  pages={37--82},
  year={1982},
  publisher={Springer}
}

@book{searle1982,
  Author = {Shayle R. Searle},
  Title = {Matrix Algebra Useful for Statistics},
  Publisher = {Wiley-Interscience},
  Year = {1982},
  ISBN = {0471866814}
}

@article{thompson1982,
  title={EULDPH: A new technique for making computer-assisted depth estimates from magnetic data},
  author={Thompson, DT},
  journal={Geophysics},
  volume={47},
  number={1},
  pages={31--37},
  year={1982},
  publisher={Society of Exploration Geophysicists}
}

@article{emerson1985,
	title={Magnetic exploration models incorporating remanence, demagnetization and anisotropy: HP 41C handheld computer algorithms},
	author={Emerson, Donald Westland and Clark, DA and Saul, SJ},
	journal={Exploration Geophysics},
	volume={16},
	number={1},
	pages={1--122},
	year={1985},
	publisher={Australian Society of Exploration Geophysicists (ASEG) PO Box 8463, Perth Business Centre WA 6849 Australia}
}

@article{clark1986,
  title={Magnetic and gravity anomalies of a triaxial ellipsoid},
  author={Clark, DA and Saul, SJ and Emerson, DW},
  journal={Exploration Geophysics},
  volume={17},
  number={4},
  pages={189--200},
  year={1986},
  publisher={Australian Society of Exploration Geophysicists (ASEG) PO Box 8463, Perth Business Centre WA 6849 Australia}
}

@article{clark1991,
    author = {D.A. Clark and D.W. Emerson},
    title = {Notes on rock magnetization characteristics in applied geophysical studies},
    journal = {Exploration Geophysics},
    volume = {22},
    number = {3},
    pages = {547-555},
    year = {1991},
    doi = {10.1071/EG991547}
}

@article{hoschke1991,
  title={Geophysical discovery and evaluation of the West Peko copper-gold deposit, Tennant Creek},
  author={Hoschke, T},
  journal={Exploration Geophysics},
  volume={22},
  number={3},
  pages={485--495},
  year={1991},
  publisher={Australian Society of Exploration Geophysicists (ASEG) PO Box 8463, Perth Business Centre WA 6849 Australia}
}

@article{cronemeyer1991,
  title={Demagnetization factors for general ellipsoids},
  author={Cronemeyer, DC},
  journal={Journal of applied physics},
  volume={70},
  number={6},
  pages={2911--2914},
  year={1991},
  publisher={AIP Publishing}
}

@book{reitz1992,
  Author = {John R. Reitz and Frederick J. Milford and Robert W. Christy},
  Title = {Foundations of Electromagnetic Theory},
  Publisher = {Addison Wesley},
  Year = {1992},
  ISBN = {0201526247},
  edition = {4}
}

@article{tejedor1995,
  title={External fields created by uniformly magnetized ellipsoids and spheroids},
  author={Tejedor, M and Rubio, H and Elbaile, L and Iglesias, R},
  journal={IEEE transactions on magnetics},
  volume={31},
  number={1},
  pages={830--836},
  year={1995},
  publisher={IEEE}
}

@article{medeiros1995,
  title={Simultaneous estimation of total magnetization direction and 3-D spatial orientation},
  author={Medeiros, Walter E and Silva, Joao BC},
  journal={Geophysics},
  volume={60},
  number={5},
  pages={1365--1377},
  year={1995},
  publisher={Society of Exploration Geophysicists}
}

@book{blakely1996,
	title={Potential theory in gravity and magnetic applications},
	author={Blakely, Richard J},
	year={1996},
	publisher={Cambridge University Press}
}

@article{guo1998,
  title={Self demagnetisation corrections in magnetic modelling: some examples},
  author={Guo, Wanwu and Dentith, Michael C and Li, Zhengxiang and Powell, Chris McA},
  journal={Exploration Geophysics},
  volume={29},
  number={3/4},
  pages={396--401},
  year={1998},
  publisher={Australian Society of Exploration Geophysicists (ASEG) PO Box 8463, Perth Business Centre WA 6849 Australia}
}

@article{clark1999,
    author = {D.A. Clark and D.W. Emerson},
    title = {Self-Demagnetisation},
    journal = {Preview (Magazine of the Australian Society of Exploration Geophysicists)},
    volume = {},
    number = {79},
    pages = {22-25},
    year = {1999}
}

@article{clark2000,
    author = {D.A. Clark},
    title = {Self-Demagnetisation in Practice: the Osborne Cu-Au Deposit},
    journal = {Preview (Magazine of the Australian Society of Exploration Geophysicists)},
    volume = {},
    number = {85},
    pages = {31-36},
    year = {2000},
    issn = {1443-2471}
}

@article{guo2001,
  title={Systematic error analysis of demagnetization and implications for magnetic interpretation},
  author={Guo, Wanwu and Dentith, Michael C and Bird, Robert T and Clark, David A},
  journal={Geophysics},
  volume={66},
  number={2},
  pages={562--570},
  year={2001},
  publisher={Society of Exploration Geophysicists}
}

@article{purss2005,
    author = {Matthew B. J. Purss and James P. Cull},
    title = {A new iterative method for computing the magnetic field at high magnetic susceptibilities},
    journal = {GEOPHYSICS},
    volume = {70},
    number = {5},
    pages = {L53-L62},
    year = {2005},
    doi = {10.1190/1.2052469}
}



@article{nabighian2005,
	title={The historical development of the magnetic method in exploration},
	author={Nabighian, Misac N and Grauch, VJS and Hansen, RO and LaFehr, TR and Li, Y and Peirce, JW and Phillips, JD and Ruder, ME},
	journal={Geophysics},
	volume={70},
	number={6},
	pages={33--61},
	year={2005},
	publisher={Society of Exploration Geophysicists}
}

@article{nabighian2005,
	title={The historical development of the gravity method in exploration},
	author={Nabighian, Misac N and Grauch, VJS and Hansen, RO and LaFehr, TR and Li, Y and Peirce, JW and Phillips, JD and Ruder, ME},
	journal={Geophysics},
	volume={70},
	number={6},
	pages={63--89},
	year={2005},
	publisher={Society of Exploration Geophysicists}
}

@book{gubbins2007,
  title={Encyclopedia of geomagnetism and paleomagnetism},
  author={Gubbins, David and Herrero-Bervera, Emilio},
  year={2007},
  publisher={Springer Science \& Business Media}
}

@book{sttraton2007,
  Author = {Julius Adams Stratton},
  Title = {Electromagnetic Theory},
  Publisher = {Wiley-IEEE Press},
  Year = {2007},
  ISBN = {0470131535},
  edition   = {REISSUE}
}

@article{soliverez2008,
   title = {Campos el\'{e}ctricos generados por elipsoides uniformemente polarizados},
   journal = {Revista mexicana de f\'{i}sica E},
   author={Soliv\'{e}rez, C. E.},
   ISSN = {1870-3542},
   language = {es},
   volume = {54},
   year = {2008},
   month = {12},
   pages = {203 - 207},
   publisher = {scielomx}
}

@article{barbosa2011,
  title={Reconstruction of geologic bodies in depth associated with a sedimentary basin using gravity and magnetic data},
  author={Barbosa, Val{\'e}ria CF and Silva, Jo{\~a}o BC},
  journal={Geophysical Prospecting},
  volume={59},
  number={6},
  pages={1021--1034},
  year={2011},
  publisher={Wiley Online Library}
}

@inbook{hillan2013,
    author = {Dean Hillan and Clive Foss},
    title = {Correction schemes for self-demagnetisation},
    booktitle = {ASEG Extended Abstracts 2012: 22nd Geophysical Conference},
    pages = {1-4},
    year = {2013},
    doi = {10.1071/ASEG2012ab402}
}

@article{austin2014,
    title = "Remanence, self-demagnetization and their ramifications for magnetic modelling of iron oxide copper-gold deposits: An example from Candelaria, Chile ",
    journal = "Journal of Applied Geophysics ",
    volume = "109",
    pages = "242 - 255",
    year = "2014",
    issn = "0926-9851",
    doi = "10.1016/j.jappgeo.2014.08.002",
    author = "James Austin and Silvana Geuna and David Clark and Dean Hillan"
}

@article{clark2014,
	title={Methods for determining remanent and total magnetisations of magnetic sources--a review},
	author={Clark, David A},
	journal={Exploration Geophysics},
	volume={45},
	number={4},
	pages={271--304},
	year={2014},
	publisher={Korean Society of Earth and Exploration Geophysicists (KSEG) PO Box 8463, Perth Business Centre WA 6849 Australia}
}

@article{oliveira2015,
	title={Estimation of the total magnetization direction of approximately spherical bodies},
	author={Oliveira Jr, VC and Sales, DP and Barbosa, VCF and Uieda, L},
	journal={Nonlinear Processes in Geophysics},
	volume={22},
	number={2},
	pages={215--232},
	year={2015},
	publisher={Copernicus}
}

@Misc{weisstein2017,
  author =    {Weisstein, Eric W.},
  title =     {Cubic Formula: From MathWorld -- A Wolfram Web Resource},
  year =      {2017},
  url = "http://mathworld.wolfram.com/CubicFormula.html",
  note = {[Online; accessed 2017-01-23]}
}

@article{Austin2014242,
title = "Remanence, self-demagnetization and their ramifications for magnetic modelling of iron oxide copper-gold deposits: An example from Candelaria, Chile ",
journal = "Journal of Applied Geophysics ",
volume = "109",
number = "",
pages = "242 - 255",
year = "2014",
note = "",
issn = "0926-9851",
doi = "http://dx.doi.org/10.1016/j.jappgeo.2014.08.002",
url = "//www.sciencedirect.com/science/article/pii/S0926985114002390",
author = "James Austin and Silvana Geuna and David Clark and Dean Hillan",
keywords = "Magnetic modelling",
keywords = "Iron oxide copper-gold (IOCG)",
keywords = "Magnetite",
keywords = "Magnetic susceptibility",
keywords = "Remanent magnetization",
keywords = "Self-demagnetization "
}

@InProceedings{uieda-proc-scipy-2013,
  author    = { Leonardo Uieda and Vanderlei C. Oliveira Jr and Val\'eria C. F. Barbosa },
  title     = { Modeling the Earth with Fatiando a Terra },
  booktitle = { Proceedings of the 12th Python in Science Conference },
  pages     = { 96 - 103 },
  year      = { 2013 },
  editor    = { St\'efan van der Walt and Jarrod Millman and Katy Huff }
}

@Misc{scipy,
  author =    {Eric Jones and Travis Oliphant and Pearu Peterson and others},
  title =     {{SciPy}: Open source scientific tools for {Python}},
  year =      {2001--},
  url = "http://www.scipy.org/",
  note = {[Online; accessed 2017-02-02]}
}

@Misc{numpy,
  author =    {Stéfan van der Walt, S. Chris Colbert and Gaël Varoquaux},
  title =     {{The NumPy Array}: A Structure for Efficient Numerical Computation},
  year =      {2011--},
  url = "http://scitation.aip.org/content/aip/journal/cise/13/2/10.1109/MCSE.2011.37",
  note = {[Online; accessed 2017-02-02]}
}

@Misc{matplotlib,
  author =    {John D. Hunter},
  title =     {{Matplotlib}: A 2D Graphics Environment},
  year =      {2007--},
  url = "http://scitation.aip.org/content/aip/journal/cise/9/3/10.1109/MCSE.2007.55",
  note = {[Online; accessed 2017-02-02]}
}

@article{tauxe2003rudiments,
  title={Rudiments of rock magnetism},
  author={Tauxe, Lisa},
  journal={Paleomagnetic Principles and Practice},
  pages={35--81},
  year={2003},
  publisher={Springer}
}

@book{thompson1986,
  title={Environmental magnetism},
  author={Thompson, Roy and Oldfield, Frank},
  year={1986},
  publisher={Springer Science \& Business Media}
}

@Book{allmendinger2012,
    author = {Richard Allmendinger and Nestor Cardozo and Donald M. Fisher},
    title = {Structural geology algorithms : vectors and tensors},
    publisher = {Cambridge University Press},
    year = {2012},
    isbn = {978-1-107-40138-9}
 }

@article {uyeda1963,
    author = {Uyeda, S. and Fuller, M. D. and Belshé, J. C. and Girdler, R. W.},
    title = {Anisotropy of magnetic susceptibility of rocks and minerals},
    journal = {Journal of Geophysical Research},
    volume = {68},
    number = {1},
    issn = {2156-2202},
    doi = {10.1029/JZ068i001p00279},
    pages = {279--291},
    year = {1963}
}

@article {fuller1963,
    author = {Fuller, M. D.},
    title = {Magnetic anisotropy and paleomagnetism},
    journal = {Journal of Geophysical Research},
    volume = {68},
    number = {1},
    issn = {2156-2202},
    doi = {10.1029/JZ068i001p00293},
    pages = {293--309},
    year = {1963}
}

@article {janak1972,
    author = {Jan\'{a}k, F.},
    title = {Magnetic susceptibility anisotropy of various rock types and its significance for geophysics and geology},
    journal = {Geophysical Prospecting},
    volume = {20},
    number = {2},
    publisher = {Blackwell Publishing Ltd},
    issn = {1365-2478},
    doi = {10.1111/j.1365-2478.1972.tb00640.x},
    pages = {375--384},
    year = {1972}
}

@article {macDonald1987,
    author = {MacDonald, William D. and Ellwood, Brooks B.},
    title = {Anisotropy of magnetic susceptibility: Sedimentological, igneous, and structural-tectonic applications},
    journal = {Reviews of Geophysics},
    volume = {25},
    number = {5},
    issn = {1944-9208},
    doi = {10.1029/RG025i005p00905},
    pages = {905--909},
    year = {1987}
}

@article {rochette1992,
    author = {Rochette, P. and Jackson, M. and Aubourg, C.},
    title = {Rock magnetism and the interpretation of anisotropy of magnetic susceptibility},
    journal = {Reviews of Geophysics},
    volume = {30},
    number = {3},
    issn = {1944-9208},
    doi = {10.1029/92RG00733},
    pages = {209--226},
    year = {1992}
}

@book{dunlop1997,
  title={Rock Magnetism: Fundamentals and Frontiers},
  author={Dunlop, D.J. and {\"O}zdemir, {\"O}.},
  isbn={9780521325141},
  lccn={96031562},
  series={Cambridge Studies in Magnetism},
  year={1997},
  publisher={Cambridge University Press}
}

@book{demmel1997,
  Author = {James W. Demmel},
  Title = {Applied Numerical Linear Algebra},
  Publisher = {SIAM},
  Year = {1997},
  ISBN = {0898713897}
}

@book{golub2013,
  Author = {Gene H Golub and Charles F Van Loan},
  Title = {Matrix Computations (Johns Hopkins Studies in the Mathematical Sciences)},
  Publisher = {Johns Hopkins University Press},
  Year = {2013},
  edition = 4,
  ISBN = {978-1-4214-0794-4}
}

@book{reitz1992,
  Author = {John R. Reitz and Frederick J. Milford and Robert W. Christy},
  Title = {Foundations of Electromagnetic Theory},
  Publisher = {Addison Wesley},
  Year = {1992},
  ISBN = {0201526247},
  edition = {4}
}

@article{tomazellaellipsoids,
  title={Ellipsoids (v1. 0): 3D Magnetic modelling of ellipsoidal bodies},
  author={Tomazella, Diego Takahashi and Oliveira Jr, Vanderlei C},
  journal = {Geoscientific Model Development},
  Year = {2017}
}

@article{medeiros1995simultaneous,
  title={Simultaneous estimation of total magnetization direction and 3-D spatial orientation},
  author={Medeiros, Walter E and Silva, Joao BC},
  journal={Geophysics},
  volume={60},
  number={5},
  pages={1365--1377},
  year={1995},
  publisher={Society of Exploration Geophysicists}
}

@article{thompson1982euldph,
  title={EULDPH: A new technique for making computer-assisted depth estimates from magnetic data},
  author={Thompson, DT},
  journal={Geophysics},
  volume={47},
  number={1},
  pages={31--37},
  year={1982},
  publisher={Society of Exploration Geophysicists}
}

@article{barbosa2011reconstruction,
  title={Reconstruction of geologic bodies in depth associated with a sedimentary basin using gravity and magnetic data},
  author={Barbosa, Val{\'e}ria CF and Silva, Jo{\~a}o BC},
  journal={Geophysical Prospecting},
  volume={59},
  number={6},
  pages={1021--1034},
  year={2011},
  publisher={Wiley Online Library}
}

@book{reid2007encyclopedia,
  title={Encyclopedia of geomagnetism and paleomagnetism},
  author={Reid, Alan B},
  year={2007},
  publisher={Springer Science \& Business Media}
}

@article{plouff1976gravity,
  title={Gravity and magnetic fields of polygonal prisms and application to magnetic terrain corrections},
  author={Plouff, Donald},
  journal={Geophysics},
  volume={41},
  number={4},
  pages={727--741},
  year={1976},
  publisher={Society of Exploration Geophysicists}
}

@article{henderson1960comprehensive,
  title={A comprehensive system of automatic computation in magnetic and gravity interpretation},
  author={Henderson, Roland G},
  journal={Geophysics},
  volume={25},
  number={3},
  pages={569--585},
  year={1960},
  publisher={Society of Exploration Geophysicists}
}

@article{henderson1970validity,
  title={On the validity of the use of the upward continuation integral for total magnetic intensity data},
  author={Henderson, Roland G},
  journal={Geophysics},
  volume={35},
  number={5},
  pages={916--919},
  year={1970},
  publisher={Society of Exploration Geophysicists}
}

@article{hammer1945,
    author = {Sigmund Hammer},
    title = {ESTIMATING ORE MASSES IN GRAVITY PROSPECTING},
    journal = {GEOPHYSICS},
    volume = {10},
    number = {1},
    pages = {50-62},
    year = {1945},
    doi = {10.1190/1.1437147}
}

@article{skeels1947,
    author = {D. C. Skeels},
    title = {AMBIGUITY IN GRAVITY INTERPRETATION},
    journal = {GEOPHYSICS},
    volume = {12},
    number = {1},
    pages = {43-56},
    year = {1947},
    doi = {10.1190/1.1437295}
}

@article{henderson-zietz1949,
    author = {Roland G. Henderson and Isidore Zietz},
    title = {THE UPWARD CONTINUATION OF ANOMALIES IN TOTAL MAGNETIC INTENSITY FIELDS},
    journal = {GEOPHYSICS},
    volume = {14},
    number = {4},
    pages = {517-534},
    year = {1949},
    doi = {10.1190/1.1437560}
}

@article{garland1951,
    author = {G. D. Garland},
    title = {Combined analysis of gravity and magnetic anomalies},
    journal = {GEOPHYSICS},
    volume = {16},
    number = {1},
    pages = {51-62},
    year = {1951},
    doi = {10.1190/1.1437650}
}

@article{baranov1957,
    author = {Baranov, V.},
    title = {A new method for interpretation of aeromagnetic maps: Pseudo-gravimetric anomalies},
    journal = {Geophysics},
    volume = {22},
    number = {2},
    pages = {359-382},
    year = {1957},
    doi = {10.1190/1.1438369}
}

@book{macmillan1958,
	title = {Theory of the {Potential}},
	isbn = {0-486-60486-1},
	publisher = {Dover Publications Inc.},
	author = {Macmillan, W. D.},
	year = {1958}
}

@article{henderson1960,
    author = {Roland G. Henderson},
    title = {A comprehensive system of automatic computation in magnetic and gravity interpretation},
    journal = {GEOPHYSICS},
    volume = {25},
    number = {3},
    pages = {569-585},
    year = {1960},
    doi = {10.1190/1.1438736}
}

@article {danes1962,
    author = {Dane\v{s}, Z. F.},
    title = {Structure calculations from gravity data and density logs},
    journal = {Transactions of the Society of Mining Engineers of AIME},
    volume = {223},
    pages = {23-29},
    year = {1962}
}

@article{roy1962,
    author = {Roy, A.},
    title = {Ambiguity in geophysical interpretation},
    journal = {GEOPHYSICS},
    volume = {27},
    number = {1},
    pages = {90-99},
    year = {1962},
    doi = {10.1190/1.1438985}
}

@article{bhattacharyya1964,
    author = {Bhattacharyya, B. K.},
    title = {Magnetic anomalies due to prism-shaped bodies with arbitrary polarization},
    journal = {GEOPHYSICS},
    volume = {29},
    number = {4},
    pages = {517-531},
    year = {1964},
    doi = {10.1190/1.1439386}
}

@article {lafehr1965,
    author = {LaFehr, T. R.},
    title = {The estimation of the total amount of anomalous mass by Gauss's theorem},
    journal = {Journal of Geophysical Research},
    volume = {70},
    number = {8},
    doi = {10.1029/JZ070i008p01911},
    pages = {1911--1919},
    year = {1965}
}


@article {zidarov1965,
   author = {Zidarov, D.},
   title = {SOLUTION OF SOME INVERSE PROBLEMS OF APPLIED GEOPHYSICS},
   journal = {Geophysical Prospecting},
   volume = {13},
   number = {2},
   doi = {10.1111/j.1365-2478.1965.tb01932.x},
   pages = {240-246},
   year = {1965}
}

@article{bhattacharyya1967,
    author = {Bhattacharyya, B. K.},
    title = {Some general properties of potential fields in space and frequency domain: a review},
    journal = {Geoexploration},
    volume = {5},
    pages = {127-143},
    year = {1967},
    doi = {10.1016/0016-7142(67)90021-X}
}

@article {bott1967,
    author = {Bott, M. H. P.},
    title = {Solution of the Linear Inverse Problem in Magnetic Interpretation with Application to Oceanic Magnetic Anomalies},
    journal = {Geophysical Journal of the Royal Astronomical Society},
    volume = {13},
    number = {1-3},
    doi = {10.1111/j.1365-246X.1967.tb02162.x},
    pages = {313-323},
    year = {1967}
}

@inproceedings{weightman1967,
	title = {Gravity, {Geodesy} and {Artificial} {Satellites}. {A} {Unified} {Analytical} {Approach}},
	booktitle = {The {Use} of {Artificial} {Satellites} for {Geodesy}},
	author = {Weightman, J. A.},
	editor = {Veis, G.},
	year = {1967},
	pages = {467}
}

@article{dampney1969,
    author = {Dampney, C. N. G.},
    title = {The equivalent source technique},
    journal = {GEOPHYSICS},
    volume = {34},
    number = {1},
    pages = {39-53},
    year = {1969},
    doi = {10.1190/1.1439996}
}

@article{henderson1970,
    author = {Roland G. Henderson},
    title = {ON THE VALIDITY OF THE USE OF THE UPWARD CONTINUATION INTEGRAL FOR TOTAL MAGNETIC INTENSITY DATA},
    journal = {GEOPHYSICS},
    volume = {35},
    number = {5},
    pages = {916-919},
    year = {1970},
    doi = {10.1190/1.1440137}
}

@phdthesis{needham1970,
  author       = {Paul Eugene Needham}, 
  title        = {The formation and evaluation of detailed geopotential models based on point masses},
  school       = {The Ohio State University},
  year         = 1970
}

@article{cordell1971,
    author = {Lindrith Cordell and Patrick T. Taylor},
    title = {Investigation of magnetization and density of a north Atlantic seamount using Poisson’s theorem},
    journal = {GEOPHYSICS},
    volume = {36},
    number = {5},
    pages = {919-937},
    year = {1971},
    doi = {10.1190/1.1440224}
}

@incollection {balmino1972,
title = {Representation of the Earth Potential by Buried Masses},
author = {Balmino, Georges},
editor = {S. W. Henriksen, A. Mancini and B. H. Chovitz},
publisher = {American Geophysical Union},
isbn = {9781118663646},
url = {http://dx.doi.org/10.1029/GM015p0121},
doi = {10.1029/GM015p0121},
pages = {121--124},
keywords = {Earth potential, Gravimetric geoid, Gravity anomalies, Satellite geodesy, Satellite motion},
booktitle = {The Use of Artificial Satellites for Geodesy},
year = {1972}
}

@article {bott-ingles1972,
    author = {Bott, M. H. P. and Ingles, A.},
    title = {Matrix Methods for Joint Interpretation of Two-dimensional Gravity and Magnetic Anomalies with Application to the Iceland-Faeroe Ridge},
    journal = {Geophysical Journal of the Royal Astronomical Society},
    volume = {30},
    number = {1},
    doi = {10.1111/j.1365-246X.1972.tb06179.x},
    pages = {55--67},
    year = {1972}
}

@article{emilia1973,
    author = {Emilia, D. A.},
    title = {Equivalent sources used as an analytic base for processing total magnetic field profiles},
    journal = {GEOPHYSICS},
    volume = {38},
    number = {2},
    pages = {339-348},
    year = {1973},
    doi = {10.1190/1.1440344}
}

@article{gunn1975,
    author = {Gunn, P. J.},
    title = {LINEAR TRANSFORMATIONS OF GRAVITY AND MAGNETIC FIELDS},
    journal = {Geophysical Prospecting},
    volume = {23},
    number = {2},
    doi = {10.1111/j.1365-2478.1975.tb01530.x},
    pages = {300-312},
    year = {1975}
}

@article{parker1977,
    author = {Parker, R. L.},
    title = {Understanding Inverse Theory},
    journal = {Annual Review of Earth and Planetary Sciences},
    volume = {5},
    number = {1},
    pages = {35-64},
    year = {1977},
    doi = {10.1146/annurev.ea.05.050177.000343}
}

@book{tikhonov-arsenin1977,
  author = {Tikhonov, A. N. and Arsenin, V. Y.},
  Title = {Solutions of ill-posed problems},
  Publisher = {V. H. Winston \& Sons},
  Year = {1977},
  ISBN = {0470991240}
}

@book{twomey1977,
  author = {S. Twomey},
  Title = {Introduction to the Mathematics of Inversion in Remote Sensing and Indirect Measurements},
  Publisher = {Dover Publications, Inc.},
  Year = {1977},
  ISBN = {0486694518}
}

@article{bhattacharyya-chan1977,
    author = {Bhattacharyya, B. K. and Chan, K. C.}, 
    title = {Reduction of magnetic and gravity data on an arbitrary surface acquired in a region of high topographic relief},
    volume = {42}, 
    number = {7}, 
    pages = {1411-1430}, 
    year = {1977}, 
    doi = {10.1190/1.1440802}, 
    journal = {Geophysics}
}

@article{reilly-herbrechtsmeier1978,
	title = {A systematic approach to modeling the geopotential with point mass anomalies},
	volume = {83},
	issn = {0148-0227},
	url = {http://doi.wiley.com/10.1029/JB083iB02p00841},
	doi = {10.1029/JB083iB02p00841},
	language = {en},
	number = {B2},
	urldate = {2017-09-14},
	journal = {Journal of Geophysical Research},
	author = {Reilly, J. P. and Herbrechtsmeier, E. H.},
	year = {1978},
	pages = {841}
}

@book{goldstein1980,
  Author = {Goldstein, H. and Poole Jr., C. P. and Safko, J. L.},
  Title = {Classical mechanics},
  Publisher = {Addison-Wesley},
  edition = 3,
  Year = {1980},
  ISBN = {0201657023}
}

@article{chandler1981,
    author = {V. W. Chandler and J. S. Koski and W. J. Hinze and L. W. Braile},
    title = {Analysis of multisource gravity and magnetic anomaly data sets by moving‐window application of Poisson’s theorem},
    journal = {GEOPHYSICS},
    volume = {46},
    number = {1},
    pages = {30-39},
    year = {1981},
    doi = {10.1190/1.1441136}
}

@article{vonfrese-etal1981,
    author = "Von Frese, R. R. B. and Hinze, W. J. and Braile, L. W.",    
    title = "Spherical earth gravity and magnetic anomaly analysis by equivalent point source inversion ",
    journal = "Earth and Planetary Science Letters ",
    volume = "53",
    number = "1",
    pages = "69 - 83",
    year = "1981",
    doi = "10.1016/0012-821X(81)90027-3"
}

@article {mayhew1982,
    author = {Mayhew, M. A.},
    title = {Application of satellite magnetic anomaly data to Curie isotherm mapping},
    journal = {Journal of Geophysical Research: Solid Earth},
    volume = {87},
    number = {B6},
    doi = {10.1029/JB087iB06p04846},
    pages = {4846-4854},
    year = {1982}
}

@inproceedings{vermeer1982,
	address = {Gävle, Sweden},
	title = {The use of mass point models for describing the {Finnish} gravity field},
	booktitle = {Proceedings 9th {General} {Meeting} {Nordic} {Geodetic} {Commission}},
	author = {Vermeer, Martin},
	year = {1982}
}

@article{silva1984,
    author = {J. B. C. Silva and Gerald W. Hohmann},
    title = {Airborne magnetic susceptibility mapping},
    journal = {Exploration Geophysics},
    volume = {15},
    number = {1},
    pages = {1-13},
    year = {1984},
    doi = {10.1071/EG984001}
}

@article{hansen-miyazaki1984,
    author = {R. O. Hansen and Y. Miyazaki},
    title = {Continuation of potential fields between arbitrary surfaces},
    journal = {GEOPHYSICS},
    volume = {49},
    number = {6},
    pages = {787-795},
    year = {1984},
    doi = {10.1190/1.1441707}
}

@techreport{barthelmes1986,
	address = {Potsdam, Germnay},
	title = {Untersuchungen zur {Approximation} des {\" a}u{\ss}eren {Schwerefeldes} der {Erde} durch {Punktmassen} mit optimierten {Positionen}},
	number = {92},
	author = {Barthelmes, F},
	year = {1986}
}

@article{silva1986,
    author = {Silva, J. B. C.},
    title = {Reduction to the pole as an inverse problem and its application to low-latitude anomalies},
    journal = {GEOPHYSICS},
    volume = {51},
    number = {2},
    pages = {369-382},
    year = {1986},
    doi = {10.1190/1.1442096}
}

@book{vanicek1987,
  Author = {P. Van\'{i}\v{c}ek and E. J. Krakiwsky},
  Title = {Geodesy: The Concepts, Second Edition},
  Publisher = {Elsevier Science},
  Year = {1987},
  ISBN = {0444877770}
}

@inproceedings{barthelmes1988,
	address = {Potsdam, Germnay},
	title = {Local gravity field approximation by point masses with optimized positions},
	booktitle = {Proceedings of the 6th {International} {Symposium} "{Geodesy} and {Physics} of the {Earth}"},
	author = {Barthelmes, F.},
	year = {1988}
}

@article{leao-silva1989,
    author = {Le\~{a}o, J. W. D and Silva, J. B. C.},
    title = {Discrete linear transformations of potential field data},
    journal = {GEOPHYSICS},
    volume = {54},
    number = {4},
    pages = {497-507},
    year = {1989},
    doi = {10.1190/1.1442676}
}

@book{menke1989,
  Author = {Willian Menke},
  Title = {Geophysical data analysis: Discrete inverse theory},
  Publisher = {Academic Press, Inc.},
  Year = {1989},
  ISBN = {0-12-490921-3}
}

@article{pilkington-urquhart1990,
    author = {Mark Pilkington and W. E. S. Urquhart},
    title = {Reduction of potential field data to a horizontal plane},
    journal = {GEOPHYSICS},
    volume = {55},
    number = {5},
    pages = {549-555},
    year = {1990},
    doi = {10.1190/1.1442866}
}

@inproceedings{barthelmes-etal1991,
	address = {Vienna},
	title = {Representation of the global gravity field by point masses on optimized positions based on recent spherical harmonics expansions},
	booktitle = {{XX} {General} {Assembly} of the {International} {Union} of {Geodesy} and {Geophysics} ({IUGG})},
	author = {Barthelmes, F. and Dietrich, R. and Lehmann, R.},
	year = {1991}
}

@incollection{barthelmes-dietrich1991,
	address = {New York, NY},
	title = {Use of {Point} {Masses} on {Optimized} {Positions} for the {Approximation} of the {Gravity} {Field}},
	isbn = {978-1-4612-3104-2},
	url = {http://dx.doi.org/10.1007/978-1-4612-3104-2-57},
	abstract = {DOI: 10.1007/978-1-4612-3104-2\-57},
	booktitle = {Determination of the {Geoid}: {Present} and {Future}},
	publisher = {Springer New York},
	author = {Barthelmes, F. and Dietrich, R.},
	editor = {Rapp, Richard H. and Sans{\`o}, Fernando},
	year = {1991},
	pages = {484--493}
}

@article{xia-sprowl1991,
    author = {J. Xia and D. R. Sprowl},
	title = {Correction of topographic distortion in gravity data},
    journal = {GEOPHYSICS},
    volume = {56},
    number = {4},
    doi = {10.1190/1.1443070},
    pages = {537-541},
    year = {1991}
}


@article{lafehr1991,
    author = {T. R. LaFehr},
    title = {Standardization in gravity reduction},
    journal = {GEOPHYSICS},
    volume = {56},
    number = {8},
    pages = {1170-1178},
    year = {1991},
    doi = {10.1190/1.1443137}
}

@article{pedersen1991,
    author = {L. B. Pedersen},
    title = {Relations between potential fields and some equivalent sources},
    journal = {GEOPHYSICS},
    volume = {56},
    number = {7},
    pages = {961-971},
    year = {1991},
    doi = {10.1190/1.1443129}
}

@article{cordell1992,
    author = {Lindrith Cordell},
    title = {A scattered equivalent-source method for interpolation and gridding of potential-field data in three dimensions},
    journal = {GEOPHYSICS},
    volume = {57},
    number = {4},
    pages = {629-636},
    year = {1992},
    doi = {10.1190/1.1443275}
}

@phdthesis{mendonca1992,
  author       = {Mendon\c{c}a, C. A.}, 
  title        = {Interpola\c{c}\~{a}o de dados de campo potencial atrav\'{e}s da camada equivalente},
  school       = {Universidade Federal do Par\'{a}},
  year         = 1992,
  address      = {Bel\'{e}m do Par\'{a}, Brazil}
}

@book{numerical-recipes1992,
  Author = {William H. Press and Brian P. Flannery and Saul A. Teukolsky and William T. Vetterling},
  Title = {Numerical Recipes in C: The Art of Scientific Computing, Second Edition},
  Publisher = {Cambridge University Press},
  Year = {1992},
  ISBN = {0521431085}
}

@article{lehmann1993,
  title={The method of free-positioned point masses -- geoid studies on the Gulf of Bothnia},
  author={Lehmann, R{\"u}diger},
  journal={Journal of Geodesy},
  volume={67},
  number={1},
  pages={31--40},
  year={1993},
  publisher={Springer Berlin/Heidelberg}
}

@article{xia-etal1993,
    author = {Xia, Jianghai and Sprowl, Donald R. and Adkins-Heljeson, Dana}, 
    title = {Correction of topographic distortions in potential-field data; a fast and accurate approach},
    volume = {58}, 
    number = {4}, 
    pages = {515-523}, 
    year = {1993}, 
    doi = {10.1190/1.1443434}, 
    journal = {GEOPHYSICS}
}

@article{pawlowski1994,
    author = {Robert S. Pawlowski},
    title = {Green’s equivalent-layer concept in gravity band‐pass filter design},
    journal = {GEOPHYSICS},
    volume = {59},
    number = {1},
    pages = {69-76},
    year = {1994},
    doi = {10.1190/1.1443535}
}

@article{mendonca-silva1994,
    author = {Mendon\c{c}a, C. A. and Silva, J. B. C.},
    title = {The equivalent data concept applied to the interpolation of potential field data},
    journal = {GEOPHYSICS},
    volume = {59},
    number = {5},
    pages = {722-732},
    year = {1994},
    doi = {10.1190/1.1443630}
}

@article{medeiros-silva1995,
    author="Medeiros, Walter E. and Silva, Jo{\~a}o B. C.",
    title="Analysis of gravity source moment inversion. Part I: Using noa priori information about the source",
    journal="pure and applied geophysics",
    year="1995",
    month="Mar",
    day="01",
    volume="144",
    number="1",
    pages="79--94",
    issn="1420-9136",
    doi="10.1007/BF00876475",
    url="https://doi.org/10.1007/BF00876475"
}


@article{mendonca-silva1995,
    author = {Mendon\c{c}a, C. A. and Silva, J. B. C.},
    title = {Interpolation of potential‐field data by equivalent layer and minimum curvature: A comparative analysis},
    journal = {GEOPHYSICS},
    volume = {60},
    number = {2},
    pages = {399-407},
    year = {1995},
    doi = {10.1190/1.1443776}
}

@book{blakely1996,
  Author = {Richard J. Blakely},
  Title = {Potential Theory in Gravity and Magnetic Applications},
  Publisher = {Cambridge University Press},
  Year = {1996},
  ISBN = {0521575478}
}

@article{chapin1996,
    author = {David A. Chapin},
    title = {The theory of the Bouguer gravity anomaly: A tutorial},
    journal = {The Leading Edge},
    volume = {15},
    number = {5},
    pages = {361-363},
    year = {1996},
    doi = {10.1190/1.1437341}
}

@article {dyment-arkani-hamed1998,
author = {Dyment, J. and Arkani-Hamed, J.},
title = {Equivalent source magnetic dipoles revisited},
journal = {Geophysical Research Letters},
volume = {25},
number = {11},
issn = {1944-8007},
doi = {10.1029/98GL51331},
pages = {2003--2006},
year = {1998}
}

@book{langel-hinze1998,
  Author = {R. A. Langel and W. J. Hinze},
  Title = {The Magnetic Field of the Earth's Lithosphere: The Satellite Perspective},
  Publisher = {Cambridge University Press},
  Year = {1998},
  ISBN = {0521473330}
}

@book{jeffreys-jeffreys2000,
   title =     {Methods of Mathematical Physics},
   author =    {H. Jeffreys and B. Jeffreys},
   publisher = {Cambridge University Press},
   isbn =      {978-0-521-66402-8},
   year =      {2000},
   series =    {Cambridge Mathematical Library},
   edition =   {3ed.}
}

@article{nagy-etal2000,
    author={Nagy, D. and Papp, G. and Benedek, J.},
    title={The Gravitational Potential and its Derivatives for the Prism},
    journal={Journal of Geodesy},
    year={2000},
    volume={74},
    number={7-8},
    pages  = {311-326},
    doi={10.1007/s001900000116}
}

@article{glennie-etal2000,
    author={Glennie, C. L. and Schwarz, K. P. and Bruton, A. M. and Forsberg, R. and Olesen, A. V. and Keller, K.},    
    title={A comparison of stable platform and strapdown airborne gravity},
    year={2000},
    journal={Journal of Geodesy},
    volume={74},
    number={5},
    pages={383-389},
    doi={10.1007/s001900000082}
}

@article{claessens-featherstone2001,
	title = {Experiences with {Point}-{Mass} {Gravity} {Field} {Modelling} in the {Perth} {Region}, {Western} {Australia}},
	volume = {75},
	url = {http://hdl.handle.net/20.500.11937/31745},
	journal = {Geomatics Research Australasia},
	author = {Claessens, Sten and Featherstone, W},
	year = {2001},
	pages = {53--86}
}

@Misc{jones2001,
  author =    {Eric Jones and Travis Oliphant and Pearu Peterson and others},
  title =     {{SciPy}: Open source scientific tools for {Python}},
  year =      {2001},
  url = "http://www.scipy.org/",
  note = {[Online; accessed 2016-09-22]}
}

@article{li2001,
    author = {Li, Xiong and G\"{o}tze, Hans-J\"{u}rgen}, 
    title = {Ellipsoid, geoid, gravity, geodesy, and geophysics},
    volume = {66}, 
    number = {6}, 
    pages = {1660-1668}, 
    year = {2001}, 
    doi = {10.1190/1.1487109}, 
    journal = {Geophysics} 
}

@Article{antunes-etal2003,
    author="Antunes, C. and Pail, R. and Catal{\~a}o, J.",
    title="Point Mass Method Applied to the Regional Gravimetric Determination of the Geoid",
    journal="Studia Geophysica et Geodaetica",
    year="2003",
    volume="47",
    number="3",
    pages="495--509",
    issn="1573-1626",
    doi="10.1023/A:1024836032617"
}

@article{fairhead2003,
    author = {J. Derek Fairhead and Christopher M. Green and Denizar Blitzkow},
    title = {The use of GPS in gravity surveys},
    journal = {The Leading Edge},
    volume = {22},
    number = {10},
    pages = {954-959},
    year = {2003},
    doi = {10.1190/1.1623636}
}

@article{hackney-featherstone2003,
    author = {Hackney, R. I. and Featherstone, W. E.}, 
    title = {Geodetic versus geophysical perspectives of the ‘gravity anomaly’},
    volume = {154}, 
    number = {1}, 
    pages = {35-43}, 
    year = {2003}, 
    doi = {10.1046/j.1365-246X.2003.01941.x},
    journal = {Geophysical Journal International} 
}

@inproceedings{boggs-dransfield2004,
  title = {Analysis of errors in gravity derived from the Falcon airborne gravity gradiometer},
  booktitle = { ASEG-PESA Airborne Gravity 2004 Workshop},
  author = {Boggs, D.B. and Dransfield, M.H.},
  publisher = {Geoscience Australia Record},
  year = {2004},
  pages = {135-141},
  file = {}
}

@inproceedings{lane2004,
  title = {Integrating ground and airborne data into regional gravity compilation},
  timestamp = {},
  booktitle = {ASEG-PESA Airborne Gravity 2004 Workshop},
  author = {R. Lane},
  publisher = {Geoscience Australia Record},
  year = {2004},
  pages = {81-97},
  file = {}
}

@article{mendonca2004,
    author = {Carlos Alberto Mendon\c{c}a},
    title = {Automatic determination of the magnetization–density ratio and magnetization inclination from the joint interpretation of 2D gravity and magnetic anomalies},
    journal = {GEOPHYSICS},
    volume = {69},
    number = {4},
    pages = {938-948},
    year = {2004},
    doi = {10.1190/1.1778237}
}

@book{boyd-vander2004,
    author = {Stephen Boyd and Lieven Vandenberghe},
    title = {Convex optimization},
    publisher = {Cambridge University Press},
    year = {2004},
    isbn = {0521833787}
 }
 
@article{guspi2004,
    author = {Gusp\'{i}, Fernando and Introcaso, Antonio and Introcaso, Beatriz}, 
    title = {Gravity-enhanced representation of measured geoid undulations using equivalent sources},
    volume = {159}, 
    number = {1}, 
    pages = {1-8}, 
    year = {2004}, 
    doi = {10.1111/j.1365-246X.2004.02364.x}, 
    journal = {Geophysical Journal International}
}

@book{aster-etal2005,
  Author = {Richard C. Aster and Brian Borchers and Clifford H. Thurber},
  Title = {Parameter Estimation and Inverse Problems (International Geophysics)},
  Publisher = {Academic Press},
  Year = {2005},
  ISBN = {0120656043}
}

@article{hinze2005,
    author = {William J. Hinze and Carlos Aiken and John Brozena and Bernard Coakley and David Dater and Guy Flanagan and     Ren\'{e} Forsberg and Thomas Hildenbrand and G. Randy Keller and James Kellogg and Robert Kucks and Xiong Li and Andre Mainville and Robert Morin and Mark Pilkington and Donald Plouff and Dhananjay Ravat and Daniel Roman and Jamie Urrutia-Fucugauchi and Marc V\'{e}ronneau and Michael Webring and Daniel Winester},
    title = {New standards for reducing gravity data: The North American gravity database},
    journal = {GEOPHYSICS},
    volume = {70},
    number = {4},
    pages = {J25-J32},
    year = {2005},
    doi = {10.1190/1.1988183}
}

@book{hofmann-wellenhof-moritz2005,
  Author = {Bernhard Hofmann-Wellenhof and Helmut Moritz},
  Title = {Physical Geodesy},
  Publisher = {Springer},
  Year = {2005},
  ISBN = {3211235841}
}

@article{nabighian-etal2005-grav,
    author = {M. N. Nabighian and M. E. Ander and V. J. S. Grauch and R. O. Hansen and 
              T. R. LaFehr and Y. Li and W. C. Pearson and J. W. Peirce and J. D. Phillips and M. E. Ruder},
    title = {Historical development of the gravity method in exploration},
    journal = {GEOPHYSICS},
    volume = {70},
    number = {6},
    pages = {63ND-89ND},
    year = {2005},
    doi = {10.1190/1.2133785}
}

@article{nabighian-etal2005-mag,
    author = {M. N. Nabighian and V. J. S. Grauch and R. O. Hansen and T. R. LaFehr and Y. Li and 
              J. W. Peirce and J. D. Phillips and M. E. Ruder},
    title = {The historical development of the magnetic method in exploration},
    journal = {GEOPHYSICS},
    volume = {70},
    number = {6},
    pages = {33ND-61ND},
    year = {2005},
    doi = {10.1190/1.2133784}
}

@article{hunter2007,
    author = {Hunter, J. D.},
    title = {Matplotlib: A 2D Graphics Environment},
    journal = {Computing in Science \& Engineering},
    year = {2007},
    volume = {9},
    number = {3}, 
    pages = {90-95},
    doi = {10.1109/MCSE.2007.55},
    url = {http://matplotlib.org}
}

@article{perez2007,
  title = {{{IPython}}: {{A System}} for {{Interactive Scientific Computing}}},
  volume = {9},
  issn = {1521-9615},
  doi = {10.1109/MCSE.2007.53},
  number = {3},
  journal = {Computing in Science \& Engineering},
  author = {{P{\'e}rez}, Fernando and {Granger}, Brian E.},
  month = may,
  year = {2007},
  pages = {21-29},
  url = {http://jupyter.org}
}

@incollection{treatise2007,
    title = "5.02 - The Present and Future Geomagnetic Field ",
    editor = "Schubert, Gerald ",
    booktitle = "Treatise on Geophysics",
    publisher = "Elsevier",
    edition = "Second Edition",
    year = "2015",
    pages = "33-78",
    isbn = "978-0-444-53803-1",
    doi = "10.1016/B978-0-444-53802-4.00096-8",
    author = "G. Hulot and T.J. Sabaka and N. Olsen and A. Fournier"
}

@article {weiss2007,
    author = {Weiss, Benjamin P. and Lima, Eduardo A. and Fong, Luis E. and Baudenbacher, Franz J.},
    title = {Paleomagnetic analysis using SQUID microscopy},
    journal = {J. Geophys. Res.: Solid Earth},
    volume = {112},
    number = {B9},
    doi = {10.1029/2007JB004940},
    year = {2007}
}

@article{guspi-novara2009,
    author={Fernando Gusp\'{i} and Iv\'{a}n Novara},
    title = {Reduction to the pole and transformations of scattered magnetic data using Newtonian equivalent sources},
    journal = {GEOPHYSICS},
    volume = {74},
    number = {5},
    pages = {L67-L73},
    year = {2009},
    doi = {10.1190/1.3170690}
}

@article{li-oldenburg2010,
    author={Yaoguo Li and Douglas W. Oldenburg},
    title = {Rapid construction of equivalent sources using wavelets},
    journal = {GEOPHYSICS},
    volume = {75},
    number = {3},
    pages = {L51-L59},
    year = {2010},
    doi = {10.1190/1.3378764}
}

@article{barnes-lumley2011,
    author={Gary Barnes and John Lumley},
    title = {Processing gravity gradient data},
    journal = {GEOPHYSICS},
    volume = {76},
    number = {2},
    pages = {I33-I47},
    year = {2011},
    doi = {10.1190/1.3548548}
}

@article{davis-li2011,
    author = {Davis, Kristofer and Li, Yaoguo},
    title = {Fast solution of geophysical inversion using adaptive mesh, space-filling curves and wavelet compression},
    journal = {Geophysical Journal International},
    volume = {185},
    number = {1},
    doi = {10.1111/j.1365-246X.2011.04929.x},
    pages = {157-166},
    year = {2011}
}

@article{macLennan-li2011,
    author = {MacLennan, Kris and Li, Yaoguo}, 
    title = {Signal extraction from 4D transient electromagnetic surveys using the equivalent source method},
    volume = {76}, 
    number = {3}, 
    pages = {F147–F155}, 
    year = {2011}, 
    doi = {10.1190/1.3560041}, 
    journal = {Geophysics}
}

@article{walt2011,
   author = "Walt, S. and Colbert, S. C. and Varoquaux, G.",
   title = "The NumPy Array: A Structure for Efficient Numerical Computation",
   journal = "Computing in Science \& Engineering",
   year = "2011",
   volume = "13",
   number = "2", 
   pages = "22-30",
   doi = "10.1109/MCSE.2011.37"
}

@book{whittaker2012,
  Author = {E. T. Whittaker},
  Title = {A History of the Theories of Aether and Electricity: From the Age of Descartes to the Close of the Nineteenth Century (Classic Reprint)},
  Publisher = {Forgotten Books},
  Year = {2012},
  ISBN = {1440044538}
}

@article {baumann_etal2012,
    author = {Baumann, H. and Klingel\'{e}, E.E. and Marson, I.},
    title = {Absolute airborne gravimetry: a feasibility study},
    journal = {Geophysical Prospecting},
    volume = {60},
    number = {2},
    doi = {10.1111/j.1365-2478.2011.00987.x},
    pages = {361-372},
    year = {2012}
}

@article {barnes2012,
    author = {Barnes, Gary},
    title = {Interpolating the gravity field using full tensor gradient measurements},
    journal = {First Break},
    volume = {30},
    pages = {97-101},
    year = {2012}
}

@article{oliveirajr-etal2013,
    author = {Oliveira{ }Jr., V. C. and Barbosa, V. C. F. and Uieda, L.},
    title = {Polynomial equivalent layer},
    journal = {GEOPHYSICS},
    volume = {78},
    number = {1},
    pages = {G1-G13},
    year = {2013},
    doi = {10.1190/geo2012-0196.1}
}

@article{macLennan-li2013,
    author = {MacLennan, Kris and Li, Yaoguo}, 
    title = {Denoising multicomponent CSEM data with equivalent source processing techniques},
    volume = {78}, 
    number = {3}, 
    pages = {E125-E135}, 
    year = {2013}, 
    doi = {10.1190/geo2012-0226.1}, 
    journal = {Geophysics}
}

@InProceedings{uieda2013,
  author    = { Uieda, L. and Oliveira{ }Jr., V. C. and Barbosa, V. C. F.},
  title     = { Modeling the Earth with Fatiando a Terra },
  booktitle = { Proceedings of the 12th Python in Science Conference },
  pages     = { 96 - 103 },
  year      = { 2013 },
  editor    = { St\'efan van der Walt and Jarrod Millman and Katy Huff },
  url = {http://www.fatiando.org}
}

@article{kara-etal2014,
    author = {Kara, \.{I}. and Bal, O. T. and Tur, H. and Ates, A.},
    title = {A new efficient method for topographic distortion correction, analytical continuation, vertical derivatives and using equivalent source technique: Application to field data},
    journal = {Journal of Applied Geophysics},
    volume = {106},
    pages = {67-76},
    year = {2014},
    doi = {10.1016/j.jappgeo.2014.04.011}
}

@article{li-nabighian-oldenburg2014,
    author = {Yaoguo Li and Misac Nabighian and Douglas W. Oldenburg},
    title = {Using an equivalent source with positivity for low-latitude reduction to the pole without striation},
    journal = {GEOPHYSICS},
    volume = {79},
    number = {6},
    pages = {J81-J90},
    year = {2014},
    doi = {10.1190/geo2014-0134.1}
}

@article {barnes2014,
    author = {Barnes, Gary},
    title = {Reconstructing the gravity gradient anomaly field from surveys with wide line spacing using equivalent source processing: an error analysis},
    journal = {Geophysical Prospecting},
    volume = {62},
    number = {3},
    doi = {10.1111/1365-2478.12098},
    pages = {646-657},
    year = {2014}
}

@article{li-li2014,
	title = {Inversion of magnetic anomaly on rugged observation surface in the presence of strong remanent magnetization},
	volume = {79},
	issn = {0016-8033, 1942-2156},
	url = {http://library.seg.org/doi/10.1190/geo2013-0126.1},
	doi = {10.1190/geo2013-0126.1},
	language = {en},
	number = {2},
	urldate = {2018-01-17},
	journal = {GEOPHYSICS},
	author = {Li, Shu-Ling and Li, Yaoguo},
	month = mar,
	year = {2014},
	pages = {J11--J19}
}

@Article{lin-etal2014,
    author="Lin, Miao and Denker, Heiner and M{\"u}ller, J{\"u}rgen",
    title="Regional gravity field modeling using free-positioned point masses",
    journal="Studia Geophysica et Geodaetica",
    year="2014",
    volume="58",
    number="2",
    pages="207--226",
    issn="1573-1626",
    doi="10.1007/s11200-013-1145-7",
    url="http://dx.doi.org/10.1007/s11200-013-1145-7"
}

@article{martinez-li2016,
    author={Cericia Martinez and Yaoguo Li},
    title = {Denoising of gravity gradient data using an equivalent source technique},
    journal = {GEOPHYSICS},
    volume = {81},
    number = {4},
    pages = {G67-G79},
    year = {2016},
    doi = {10.1190/geo2015-0379.1}
}

@article {reis-etal2016,
author = {Reis, A. L. A. and Oliveira{ }Jr., V. C. and Yokoyama, E. and Bruno, A. C. and Pereira, J. M. B.},
title = {Estimating the magnetization distribution within rectangular rock samples},
journal = {Geochemistry, Geophysics, Geosystems},
volume = {17},
number = {8},
issn = {1525-2027},
url = {http://dx.doi.org/10.1002/2016GC006329},
doi = {10.1002/2016GC006329},
pages = {3350--3374},
keywords = {Magnetic anomalies: modeling and interpretation, Instruments and techniques, Magnetostratigraphy, Computational models, algorithms, Inverse theory, magnetic anomalies, rock and mineral magnetism, instruments and techniques, paleomagnetism, magnetic inversion},
year = {2016}
}

@article{lu-etal2017,
	title = {Airborne {Gravimetry} of {GEOHALO} {Mission}: {Data} {Processing} and {Gravity} {Field} {Modeling}: {AIRBORNE} {GRAVIMETRY} {OF} {GEOHALO} {MISSION}},
	issn = {21699313},
	shorttitle = {Airborne {Gravimetry} of {GEOHALO} {Mission}},
	url = {http://doi.wiley.com/10.1002/2017JB014425},
	doi = {10.1002/2017JB014425},
	language = {en},
	urldate = {2018-01-17},
	journal = {Journal of Geophysical Research: Solid Earth},
	author = {Lu, Biao and Barthelmes, Franz and Petrovic, Svetozar and Förste, Christoph and Flechtner, Frank and Luo, Zhicai and He, Kaifei and Li, Min},
	month = dec,
	year = {2017}
}

@article{tang-etal2018,
    author = { Wenwu Tang  and  Yaoguo Li  and  Douglas W. Oldenburg  and  Jianxin Liu },
    title = {Removal of galvanic distortion effects in three-dimensional magnetotelluric data by an equivalent source technique},
    journal = {GEOPHYSICS},
    volume = {0},
    number = {ja},
    pages = {1-54},
    year = {2018},
    doi = {10.1190/geo2016-0668.1},
    URL = {https://doi.org/10.1190/geo2016-0668.1},
    eprint = {https://doi.org/10.1190/geo2016-0668.1}
}

@article{siqueira2017fast,
  title={Fast iterative equivalent-layer technique for gravity data processing: A method grounded on excess mass constraint},
  author={Siqueira, Fillipe CL and Oliveira{ }Jr, Vanderlei C and Barbosa, Val{\'e}ria CF},
  journal={Geophysics},
  volume={82},
  number={4},
  pages={G57--G69},
  year={2017},
  publisher={Society of Exploration Geophysicists}
}

@book{press2007numerical,
  title={Numerical recipes 3rd edition: The art of scientific computing},
  author={Press, William H and Teukolsky, Saul A and Vetterling, William T and Flannery, Brian P},
  year={2007},
  publisher={Cambridge university press}
}

@article{zhang2015bttb,
  title={BTTB-based numerical schemes for three-dimensional gravity field inversion},
  author={Zhang, Yile and Wong, Yau Shu},
  journal={Geophysical Journal International},
  volume={203},
  number={1},
  pages={243--256},
  year={2015},
  publisher={Oxford University Press}
}

@article{dampney1969equivalent,
  title={The equivalent source technique},
  author={Dampney, CNG},
  journal={Geophysics},
  volume={34},
  number={1},
  pages={39--53},
  year={1969},
  publisher={Society of Exploration Geophysicists}
}

@article{heiskanen1967physical,
  title={Physical geodesy},
  author={Heiskanen, Weikko Aleksanteri and Moritz, Helmut},
  journal={Bulletin G{\'e}od{\'e}sique (1946-1975)},
  volume={86},
  number={1},
  pages={491--492},
  year={1967},
  publisher={Springer}
}

@article{cooper2000gridding,
  title={Gridding gravity data using an equivalent layer},
  author={Cooper, GRJ},
  journal={Computers \& Geosciences},
  volume={26},
  number={2},
  pages={227--233},
  year={2000},
  publisher={Elsevier}
}

@book{chan2007introduction,
  title={An introduction to iterative Toeplitz solvers},
  author={Chan, Raymond Hon-Fu and Jin, Xiao-Qing},
  volume={5},
  year={2007},
  publisher={SIAM}
}

@article{chan1993fft,
  title={FFT-based preconditioners for Toeplitz-block least squares problems},
  author={Chan, Raymond H and Nagy, James G and Plemmons, Robert J},
  journal={SIAM journal on numerical analysis},
  volume={30},
  number={6},
  pages={1740--1768},
  year={1993},
  publisher={SIAM}
}

@book{jin2003developments,
  title={Developments and applications of block Toeplitz iterative solvers},
  author={Jin, Xiao-Qing},
  volume={2},
  year={2003},
  publisher={Springer Science \& Business Media}
}

@article{chan1999cosine,
  title={Cosine transform based preconditioners for total variation deblurring},
  author={Chan, Raymond H and Chan, Tony F and Wong, Chiu-Kwong},
  journal={IEEE transactions on Image Processing},
  volume={8},
  number={10},
  pages={1472--1478},
  year={1999},
  publisher={IEEE}
}

@article{wray1994calculation,
  title={Calculation of the Volterra kernels of non-linear dynamic systems using an artificial neural network},
  author={Wray, Jonathan and Green, Gary GR},
  journal={Biological Cybernetics},
  volume={71},
  number={3},
  pages={187--195},
  year={1994},
  publisher={Springer}
}

@article{lin2003strang,
  title={Strang-type preconditioners for solving linear systems from delay differential equations},
  author={Lin, FR and Jin, XQ and Lei, SL},
  journal={BIT Numerical Mathematics},
  volume={43},
  number={1},
  pages={139--152},
  year={2003},
  publisher={Springer}
}

@article{zhang2016bttb,
  title={BTTB--RRCG method for downward continuation of potential field data},
  author={Zhang, Yile and Wong, Yau Shu and Lin, Yuanfang},
  journal={Journal of applied Geophysics},
  volume={126},
  pages={74--86},
  year={2016},
  publisher={Elsevier}
}

@book{strang1986introduction,
  title={Introduction to applied mathematics},
  author={Strang, Gilbert and Aarikka, Kaija},
  volume={16},
  year={1986},
  publisher={Wellesley-Cambridge Press Wellesley, MA}
}

@book{davis2013circulant,
  title={Circulant matrices},
  author={Davis, Philip J},
  year={2013},
  publisher={American Mathematical Soc.}
}

@article{gray2006toeplitz,
  title={Toeplitz and circulant matrices: A review},
  author={Gray, Robert M and others},
  journal={Foundations and Trends{\textregistered} in Communications and Information Theory},
  volume={2},
  number={3},
  pages={155--239},
  year={2006},
  publisher={Now Publishers, Inc.}
}

@book{brigham1988fast,
  title={The fast Fourier transform and its applications},
  author={Brigham, E Oran and Brigham, E Oran},
  volume={448},
  year={1988},
  publisher={prentice Hall Englewood Cliffs, NJ}
}

@article{levinson1946wiener,
  title={The Wiener (root mean square) error criterion in filter design and prediction},
  author={Levinson, Norman},
  journal={Journal of Mathematics and Physics},
  volume={25},
  number={1-4},
  pages={261--278},
  year={1946},
  publisher={Wiley Online Library}
}

@article{trench1964,
  title={An algorithm for the inversion of finite Toeplitz matrices},
  author={Trench, William F},
  journal={Journal of the Society for Industrial and Applied Mathematics},
  volume={12},
  number={3},
  pages={515--522},
  year={1964},
  publisher={SIAM}
}

@phdthesis{olkin1986linear,
  title={Linear and nonlinear deconvolution problems},
  author={Olkin, Julia Ann},
  year={1986},
  school={Rice University}
}

@article{grenander1984szeg,
  title={ Toeplitz Forms and Their Applications},
  author={Grenander, U and Szeg{\"o}, G},
  journal={California Monographs in Mathematical Sciences. University of California Press, Berkeley, CA},
  year={1958}
}

@book{jain1989fundamentals,
  title={Fundamentals of digital image processing},
  author={Jain, Anil K},
  year={1989},
  publisher={Englewood Cliffs, NJ: Prentice Hall,}
}

@book{horn2012matrix,
  title={Matrix analysis},
  author={Horn, Roger A and Johnson, Charles R},
  year={2012},
  publisher={Cambridge university press}
}
